@article{kercheval2015modelling,
  title={Modelling high-frequency limit order book dynamics with support vector machines},
  author={Kercheval, Alec N and Zhang, Yuan},
  journal={Quantitative Finance},
  volume={15},
  number={8},
  pages={1315--1329},
  year={2015},
  note={\url{http://www.math.fsu.edu/~kercheva/papers/multi-svm.pdf}},
  publisher={Taylor \& Francis}
}


