@inproceedings{tolle2005macroscope,
  title={{A Macroscope in the Redwoods}},
  author={Tolle, Gilman and Polastre, Joseph and Szewczyk, Robert and Culler, David and Turner, Neil and Tu, Kevin and Burgess, Stephen and Dawson, Todd and Buonadonna, Phil and Gay, David and Hong, Wei},
  booktitle={Proceedings of the 3rd International Conference on Embedded Networked Sensor Systems},
  pages={51--63},
  year={2005},
  note={\url{http://delivery.acm.org/10.1145/1100000/1098925/p51-tolle.pdf}},
  organization={ACM}
}

@article{yang2003redwoods,
  title={Redwoods go high tech: Researchers use wireless sensors to study California's state tree},
  author={Yang, Sarah},
  journal={University of California at Berkeley News (UCNEWS)},
  note={\url{http://www.berkeley.edu/news/media/releases/2003/07/28_redwood.shtml}},
  year={2003}
}

