@inproceedings{tolle2005macroscope,
  title={{A Macroscope in the Redwoods}},
  author={Tolle, Gilman and Polastre, Joseph and Szewczyk, Robert and Culler, David and Turner, Neil and Tu, Kevin and Burgess, Stephen and Dawson, Todd and Buonadonna, Phil and Gay, David and Hong, Wei},
  booktitle={Proceedings of the 3rd International Conference on Embedded Networked Sensor Systems},
  pages={51--63},
  year={2005},
  organization={ACM}
}

